@online{KKP,
	author = {KKP},
	title = {Data Statis Produksi},
	year = 2022,
	url = {https://statistik.kkp.go.id/home.php?m=prod_ikan_prov&i=2#panel-footer},
	urldate = {2022-12-09},
}

@online{KKPikanhias,
	author = {KKP},
	title = {Ikan Hias Indonesia Semakin Laku di Dunia},
	year = 2022,
	url = {https://kkp.go.id/djpdspkp/artikel/45281-ikan-hias-indonesia-semakin-laku-di-dunia},
	urldate = {2023-08-08},
}

@online{harianjogja,
	author = {Sunartono},
	title = {Fantastis! Menteri KKP Sebut Nilai Pasar Ikan Capai Rp2.400 Triliun},
	year = 2023,
	url = {https://news.harianjogja.com/read/2023/02/28/500/1127655/fantastis-menteri-kkp-sebut-nilai-pasar-ikan-capai-rp2400-triliun},
	urldate = {2023-08-08},
}

@article{alamri,
	author = {Chaisar Fadli Al-Amri},
	title = {Rancangan Bangun Fish Counter Untuk Menghitung Bibit Ikan Lele},
	year = {2020}
}

@article{diansarietal,
	author = {RR.VR. Diansari And Endang Arini And Tita Elfitasari},
	title = {Pengaruh Kepadatan Yang Berbeda Terhadap Kelulushidupan dan Pertumbuhan Ikan Nila (Oreochromis
			niloticus) Pada Sistem Resirkulasi Dengan Filter Zeolit},
	year = {2013},
}

@article{rusydi,
	author = {Muhammad Ilhamdi Rusydi},
	title = {Perancangan Mesin Penghitung Benih Ikan Otomatis untuk Membantu Kinerja Peternak Ikan},
	year = {2019},
}

@article{freundetal,
	author = {Yoav Freund and Robert E. Schapire},
	title = {A Decision-Theoretic Generalization of On-Line Learning and an Application to Boosting},
	year = {1996},
	note = {\url{https://doi.org/10.1006/jcss.1997.1504}}
}

@article{weber,
	title={Generic object detection using AdaBoost},
	author={Ben Weber},
	year={2008},
}

@article{violaetal,
	author = {Paul Viola and Michael J. Jones},
	title = {Robust Real-Time Face Detection},
	year = {2004},
	note = {\url{https://doi.org/10.1023/B:VISI.0000013087.49260.fb}},
}

@article{hoetal,
	author = {Wing Teng Ho and Hao Wooi Lim and Yong Haur Tay},
	title = {Two-stage License Plate Detection using Gentle Adaboost and SIFT-SVM},
	year = {2009},
	note = {\url{https://doi.org/10.1109/ACIIDS.2009.25}},
}

@article{rennoetal,
	author = {John-Paul Renno and Dimitrios Makris and Graeme A. Jones},
	title = {Object Classification in Visual Surveillance Using Adaboost},
	year = {2007},
	note = {\url{https://doi.org/10.1109/CVPR.2007.383514}},
}

@article{papaetal,
	author = {Constantine P. Papageorgiou and Michael Oren and Tomaso Poggio},
	title = {A General Framework for Object Detection},
	year = {1998},
	note = {\url{https://doi.org/10.1109/ICCV.1998.710772}},
}

@online{fishbase,
  title={FishBase},
  url={https://fishbase.mnhn.fr/search.php},
  urldate = {2024-01-18},
}

@article{samme,
  title={Multi-class adaboost},
  author={Trevor Hastie and Saharon Rosset and Ji Zhu and Hui Zou},
  year={2009},
  note = {\url{https://dx.doi.org/10.4310/SII.2009.v2.n3.a8}}
}

% @book{hersh2001gigabytes,
% 	author = {Hersh, William},
% 	doi = {10.1023/A:1011472308196},
% 	file = {
% 	        :home/hanifrmdhn/Data/Skripsi/readings/indexing/managing_gigabytes.pdf:pdf
% 	        },
% 	number = {1},
% 	pages = {109--113},
% 	title = {{Managing Gigabytes - Compressing and Indexing Documents and Images
% 	         (Second Edition)}},
% 	volume = {4},
% 	year = {2001},
% }

% @online{SuffixTreeLib,
% 	author = {Perathoner, Marcello},
% 	title = {{suffix-tree} Documentation},
% 	year = 2022,
% 	url = {https://cceh.github.io/suffix-tree/index.html},
% 	urldate = {2023-05-23},
% }

