@article{alamri,
	author = {Chaisar Fadli Al-Amri},
	title = {Rancangan Bangun Fish Counter Untuk Menghitung Bibit Ikan Lele},
	year = {2020},
}

@article{diansarietal,
	author = {RR.Vanya Rhossitha Diansari, Endang Arini, Tita Elfitasari},
	title = {Pengaruh Kepadatan Yang Berbeda Terhadap Kelulushidupan dan Pertumbuhan Ikan Nila (Oreochromis
			niloticus) Pada Sistem Resirkulasi Dengan Filter Zeolit},
	year = {2013},
}

@article{rusydi,
	author = {Muhammad Ilhamdi Rusydi},
	title = {Perancangan Mesin Penghitung Benih Ikan Otomatis untuk Membantu Kinerja Peternak Ikan},
	year = {2019},
}

@article{freundetal,
	author = {Yoav Freund, Robert E. Schapire},
	title = {A Decision-Theoretic Generalization of On-Line Learning and an Application to Boosting},
	year = {1996},
}

@article{weber,
	author = {Ben Weber},
	title = {Generic Object Detection using AdaBoost},
	year = {2006},
}

% @book{hersh2001gigabytes,
% 	author = {Hersh, William},
% 	doi = {10.1023/A:1011472308196},
% 	file = {
% 	        :home/hanifrmdhn/Data/Skripsi/readings/indexing/managing_gigabytes.pdf:pdf
% 	        },
% 	number = {1},
% 	pages = {109--113},
% 	title = {{Managing Gigabytes - Compressing and Indexing Documents and Images
% 	         (Second Edition)}},
% 	volume = {4},
% 	year = {2001},
% }

% @online{SuffixTreeLib,
% 	author = {Perathoner, Marcello},
% 	title = {{suffix-tree} Documentation},
% 	year = 2022,
% 	url = {https://cceh.github.io/suffix-tree/index.html},
% 	urldate = {2023-05-23},
% }

